
@article{Abril07,
  author  = {Patricia S. Abril and Robert Plant},
  title   = {The patent holder's dilemma: Buy, sell, or troll?},
  journal = {Communications of the ACM},
  volume  = {50},
  number  = {1},
  month   = jan,
  year    = {2007},
  pages   = {36--44},
  doi     = {10.1145/1188913.1188915},
  url     = {http://doi.acm.org/10.1145/1219092.1219093},
  note    = {}
}

@periodical{JCohen96,
  key     = {Cohen},
  editor  = {Jacques Cohen},
  title   = {Special issue: Digital Libraries},
  journal = CACM,
  volume  = {39},
  number  = {11},
  month   = nov,
  year    = {1996}
}


@book{Kosiur01,
  author    = {David Kosiur},
  title     = {Understanding Policy-Based Networking},
  publisher = {Wiley},
  year      = {2001},
  address   = {New York, NY},
  edition   = {2nd.},
  editor    = {},
  volume    = {},
  number    = {},
  series    = {},
  month     = {},
  note      = {}
}
